@ARTICLE{Blinov2004,
  author = {Michael L. Blinov and James R. Faeder and Byron Goldstein and William
	S. Hlavacek},
  title = {BioNetGen: software for rule-based modeling of signal transduction
	based on the interactions of molecular domains},
  journal = {Bioinformatics},
  year = {2004},
  volume = {20},
  pages = {3289--3291},
  number = {17},
  doi = {10.1093/bioinformatics/bth378},
}

@INCOLLECTION{Blinov2006,
  author = {Michael L. Blinov and Jin Yang and James R. Faeder and William S.
	Hlavacek},
  title = {Graph Theory for Rule-Based Modeling of Biochemical Networks},
  booktitle = {Transactions on Computational Systems Biology VII},
  publisher = {Springer Berlin / Heidelberg},
  year = {2006},
  editor = {Corrado Priami and Anna Ingólfsdóttir and Bud Mishra and Hanne Nielson},
  volume = {4230},
  series = {Lecture Notes in Computer Science},
  pages = {89--106},
  affiliation = {Theoretical Biology and Biophysics Group, Theoretical Division, Los
	Alamos National Laboratory, Los Alamos, NM 87545 USA USA},
  doi = {10.1007/11905455_5},
  keywords = {graph theory, system biology, graph rewriting, model building},
}


@ARTICLE{Calder2006,
  author = {Muffy Calder and Vladislav Vyshemirsky and David Gilbert and Richard
	Orton},
  title = {Analysis of Signalling Pathways Using Continuous Time Markov Chains},
  journal = {Transactions on Computational Systems Biology VI},
  year = {2006},
  volume = {4220},
  pages = {44--67},
}

@ARTICLE{Cao2005,
  author = {Yang Cao and Daniel T. Gillespie and Linda R. Petzold},
  title = {Accelerated stochastic simulation of the stiff enzyme-substrate reaction},
  journal = {Journal of Chemical Physics},
  year = {2005},
  volume = {123},
  pages = {144917},
  number = {14},
  doi = {10.1063/1.2052596},
}

@ARTICLE{Ciocchetta2008,
  author = {Federica Ciocchetta and Jane Hillston},
  title = {Bio-{PEPA}: a framework for the modelling and analysis of biological
	systems},
  journal = {Theoretical Computer Science},
  year = {2008},
  volume = {410},
  pages = {3065--3084},
  number = {33},
}

@INCOLLECTION{Danos2008,
  author = {Danos, Vincent and Feret, Jérôme and Fontana, Walter and Krivine,
	Jean},
  title = {Abstract Interpretation of Cellular Signalling Networks},
  booktitle = {Verification, Model Checking, and Abstract Interpretation},
  publisher = {Springer Berlin / Heidelberg},
  year = {2008},
  editor = {Logozzo, Francesco and Peled, Doron and Zuck, Lenore},
  volume = {4905},
  series = {Lecture Notes in Computer Science},
  pages = {83--97},
  affiliation = {Plectix Biosystems},
  doi = {10.1007/978-3-540-78163-9_11},
}

@ARTICLE{Gillespie1977,
  author = {Daniel T. Gillespie},
  title = {Exact stochastic simulation of coupled chemical reactions},
  journal = {Journal of Physical Chemistry},
  year = {1977},
  volume = {81},
  pages = {2340--2361},
  number = {25},
  doi = {10.1021/j100540a008},
}

@ARTICLE{Mallavarapu2009,
  author = {Aneil Mallavarapu and Matthew Thomson and Benjamin Ullian and Jeremy
	Gunawardena},
  title = {Programming with models: modularity and abstraction provide powerful
	capabilities for systems biology},
  journal = {Journal of the Royal Society Interface},
  year = {2009},
  volume = {6},
  pages = {257--270},
  number = {32},
  doi = {10.1098/​rsif.2008.0205},
}

@BOOK{Mortimer2003,
  title = {Chemie},
  publisher = {Thieme, Stuttgart},
  year = {2003},
  author = {Charles E. Mortimer and Ulrich Müller},
  edition = {8},
}

@ARTICLE{Rao2003,
  author = {Rao, Christopher V. and Arkin, Adam P.},
  title = {Stochastic chemical kinetics and the quasi-steady-state assumption:
	Application to the Gillespie algorithm},
  journal = {Journal of Chemical Physics},
  year = {2003},
  volume = {118},
  pages = {4999--5010},
  number = {11},
  doi = {10.1063/1.1545446},
}

@ARTICLE{Svehla1993,
  author = {Gyula Svehla},
  title = {Nomenclature of kinetic methods of analysis (IUPAC Recommendations
	1993)},
  journal = {Pure and Applied Chemistry},
  year = {1993},
  volume = {65},
  pages = {2291--2298},
  number = {10},
  note = {Commission on Analytical Nomenclature},
  doi = {10.1351/pac199365102291},
}
